@article{Dentlinger2023,
  title={Four decades of green turtle ({C}helonia mydas) strandings on {H}awaii Island (1983--2022): {C}auses and trends},
  author={Dentlinger, Skyler and McDermid, Karla J and Weyenberg, Grady and Jim, Laura M R and Rice, Marc R and Balazs, George H},
  year={2024},
  journal={Zoological Studies},
  volume={63},
  number={16},
  doi={10.6620/ZS.2024.63-16}
}
