@article{abaya2018spatial,
  author={Abaya, LM and Wiegner, TN and Beets, JP and Colbert, SL and Kaile`a, MC and Kramer, LK},
  year={2018},
  title={Spatial distribution of sewage pollution on a {H}awaiian coral reef},
  journal={Mar Poll Bull},
  volume={130},
  pages={335--347},
  doi={10.1016/j.marpolbul.2018.03.028}
}

@article{abaya2018multi,
  author={Abaya, LM and Wiegner, TN and Beets, JP and Colbert, SL and Kaile`a, MC and Kramer, LK and Most, R and Couch, C},
  year={2018},
  title={A multi-indicator approach for identifying shoreline sewage pollution hotspots adjacent to coral reefs},
  journal={Mar Poll Bull},
  volume={129},
  pages={70--80},
  doi={10.1016/j.marpolbul.2018.02.005}
}

@article{akaike1974new,
  title={A new look at the statistical model identification},
  author={Akaike, Hirotugu},
  journal={IEEE Trans Autom Control},
  volume={19},
  pages={716--723},
  year={1974},
  doi={10.1109/TAC.1974.1100705}
}

@article{aguirre2000blood,
  title={Blood biochemistry values of green turtles, \emph{{C}helonia mydas}, with and without fibropapillomatosis},
  author={Aguirre, A and Balazs, G},
  journal={Comp Haematol Int},
  volume={10},
  pages={132--137},
  year={2000},
  publisher={Springer},
  doi={10.1007/s005800070004}
}

@inproceedings{balazs1980synopsis,
  author      = {Balazs, G},
  title       = {Synopsis of biological data on the green turtle in the {H}awaiian Islands},
  publisher   = {NOAA Tech Memo, NMFS-SWFC-7},
  year        = {1980},
  pages={1--141}
}

@inproceedings{balazs1991current,
  title={Current status of fibropapillomatosis in the {H}awaiian green turtle, \emph{{C}helonia mydas}},
  author={Balazs, GH},
  editor={Balazs, GH and Pooley, S},
  booktitle={Research plan for marine turtle fibropapilloma},
  publisher={NOAA Tech Memo, NMFS-SEFSC-436},
  pages={112--114},
  year={1991}
}


@article{balazs2004thirty,
  title={Thirty-year recovery trend in the once depleted {H}awaiian green sea turtle stock},
  author={Balazs, George H and Chaloupka, Milani},
  journal={Biol Conserv},
  volume={117},
  pages={491--498},
  year={2004},
  publisher={Elsevier},
  doi={10.1016/j.biocon.2003.08.008}
}

@article{balazs2015review,
  author={Balazs, GH and van Houtan, KS and Hargrove, SA and Brunson, SM and Murakawa, SK},
  year={2015},
  title={A review of the demographic features of Hawaiian green turtles (\emph{{C}helonia mydas})},
  journal={Chelonian Conserv Biol},
  volume={14},
  pages={119-129},
  doi={10.2744/CCB-1172.1}
}

@article{bastos2022coastal,
  title={Coastal degradation impacts on green turtle's (\emph{{C}helonia mydas}) diet in southeastern {B}razil: nutritional richness and health},
  author={Bastos, Kathiani Victor and Machado, Levi Pompermayer and Joyeux, Jean-Christophe and Ferreira, Juliana Santos and Milit{\~a}o, Frederico Pacheco and de Oliveira Fernandes, Val{\'e}ria and Santos, Robson Guimar{\~a}es},
  journal={Science of The Total Environment},
  volume={823},
  pages={153593},
  year={2022},
  publisher={Elsevier},
  doi={10.1016/j.scitotenv.2022.153593}
}

@article{bell2011marine,
  title={Marine Turtles Stranded by the {S}amoa Tsunami},
  author={Bell, Lui AJ and Ward, Juney and Ifopo, Pulea},
  journal={Marine Turtle Newsletter},
  volume={130},
  pages={22--24},
  year={2011},
  publisher={Seaturtle.org}
}

@inproceedings{bennett2000photographic,
  title={Photographic evidence for the regression of fibropapillomas afflicting green turtles at {H}onokowai, {M}aui, in the {H}awaiian Islands},
  author={Bennett, Peter and Keuper-Bennett, Ursula and Balazs, George H},
  editor={Kalb, H and Wibbels, T},
  booktitle={Proceedings of the Nineteenth Annual Symposium on Sea Turtle Biology and Conservation},
  publisher={NOAA Tech Memo, NMFS-SEFSC-443},
  pages={37--39},
  year={2000}
}

@book{bennett2008book,
  title={The book of honu: enjoying and learning about {H}awaii's sea turtles},
  author={Bennett, Peter and Keuper-Bennett, Ursula},
  year={2008},
  publisher={University of Hawaii Press},
  address={Honolulu}
}


@inproceedings{bolten2003variation,
  title={Variation in sea turtle life history patterns: neritic vs. oceanic developmental stages},
  author={Bolten, Alan B},
  booktitle={The biology of sea turtles},
  editor={Lutz, P L and Musick, J A and Wyneken, J},
  publisher={CRC Press},
  address={New York},
  volume={2},
  pages={243--257},
  year={2003}
}

@article{bornatowski2012shark,
  title={Shark scavenging and predation on sea turtles in northeastern {B}razil},
  author={Bornatowski, Hugo and Heithaus, Michael R and Batista, Clenia MP and Mascarenhas, Rita},
  journal={Amphibia-Reptilia},
  volume={33},
  number={3-4},
  pages={495--502},
  year={2012},
  publisher={Brill},
  doi={10.1163/15685381-00002852}
}

@inproceedings{boulon2000trends,
  title={Trends in sea turtle strandings, {US V}irgin {I}slands: 1982 to 1997},
  author={Boulon, R},
  editor={Abreu-Brogbois, FA and Briseno-Duenas, R and Marquex-Millan, R and Sarti-Martinez, L},
  booktitle={Proceedings of the Eighteenth International Sea Turtle Symposium},
  publisher={NOAA Tech Memo, NMFS-SEFSC-436},
  pages={261--263},
  year={2000}
}

@article{brunson2022three,
  title={Three decades of stranding data reveal insights into endangered hawksbill sea turtles in {H}awaii},
  author={Brunson, Shandell and Gaos, Alexander R and Kelly, Irene K and Van Houtan, Kyle S and Swimmer, Yonat and Hargrove, Stacy and Balazs, George H and Work, Thierry M and Jones, T Todd},
  journal={Endanger Species Res},
  volume={47},
  pages={109--118},
  year={2022},
  doi={10.3354/esr01167}
}

@article{chaloupka2008cause,
  title={Cause-specific temporal and spatial trends in green sea turtle strandings in the {H}awaiian Archipelago (1982--2003)},
  author={Chaloupka, Milani and Work, Thierry M and Balazs, George H and Murakawa, Shawn KK and Morris, Robert},
  journal={Mar Biol},
  volume={154},
  pages={887--898},
  year={2008},
  publisher={Springer},
  doi={10.1007/s00227-008-0981-4}
}


@article{cheng2019twenty,
  title={Twenty-three years of sea turtle stranding/bycatch research in {T}aiwan},
  author={Cheng, I-Jiunn and Wang, Hua-Yan and Hsieh, Wen-Yi and Chan, Yin-Ting},
  journal={Zool Stud},
  volume={58},
  pages={44},
  year={2019},
  publisher={Biodiversity Research Center, Academia Sinica},
  doi={10.6620/ZS.2019.58-44}
}


@article{cheung2013surges,
  title={Surges around the {H}awaiian Islands from the 2011 {T}\={o}hoku tsunami},
  author={Cheung, Kwok Fai and Bai, Yefei and Yamazaki, Yoshiki},
  journal={J Geophys Res: Oceans},
  volume={118},
  pages={5703--5719},
  year={2013},
  publisher={Wiley Online Library},
  doi={10.1002/jgrc.20413}
}

@article{crowder1995effects,
  title={Effects of turtle excluder devices ({TED}s) on loggerhead sea turtle strandings with implications for conservation},
  author={Crowder, Larry B and Hopkins-Murphy, Sally R and Royle, J Andrew},
  journal={Copeia},
  pages={773--779},
  year={1995},
  volume={1995},
  publisher={JSTOR},
  doi={10.2307/1447026}
}

@technicalreport{cutt2023impact,
  author={Cutt, T and Browne, C and Mungai, M and Gardner, M}, 
  year={2023},
  title={{MOC} Marine Institute Sea Turtle Program, 2022 Impact Report},
  publisher={Marine Institute at Maui Ocean Center},
  address={Wailuku, HI},
  url={https://georgehbalazs.com/wp-content/uploads/2023/03/2022-MOCMI-Turtle-Report.pdf}
}

@article{flint2015trends,
  title={Trends in marine turtle strandings along the {E}ast {Q}ueensland, {A}ustralia Coast, between 1996 and 2013},
  author={Flint, Jaylene and Flint, Mark and Limpus, Colin J and Mills, Paul C},
  journal={J Mar Sci},
  volume={2015}, 
  year={2015},
  pages={848923},
  publisher={Hindawi},
  doi={10.1155/2015/848923}
}


@article{flint2010health,
  title={Health surveillance of stranded green turtles in {S}outhern {Q}ueensland, {A}ustralia (2006--2009): an epidemiological analysis of causes of disease and mortality},
  author={Flint, Mark and Patterson-Kane, Janet C and Limpus, Colin J and Mills, Paul C},
  journal={EcoHealth},
  volume={7},
  pages={135--145},
  year={2010},
  publisher={Springer},
  doi={10.1007/s10393-010-0300-7}
}


@article{foley2005fibropapillomatosis,
  title={Fibropapillomatosis in stranded green turtles (\emph{{C}helonia mydas}) from the eastern {U}nited {S}tates (1980--98): trends and associations with environmental factors},
  author={Foley, Allen M and Schroeder, Barbara A and Redlow, Anthony E and Fick-Child, Kristin J and Teas, Wendy G},
  journal={J Wildl Dis},
  volume={41},
  pages={29--41},
  year={2005},
  publisher={Wildlife Disease Association},
  doi={10.7589/0090-3558-41.1.29}
}

@article{fuentes2021conservation,
  title={Conservation interventions to reduce vessel strikes on sea turtles: a case study in {F}lorida},
  author={Fuentes, Mariana MPB and Meletis, Zo{\"e} A and Wildermann, Natalie E and Ware, Matthew},
  journal={Mar Policy},
  volume={128},
  pages={104471},
  year={2021},
  publisher={Elsevier},
  doi={10.1016/j.marpol.2021.104471}
}

@article{guimares2021distribution,
  title={Distribution and potential causes of sea turtle strandings in the {S}tate of {R}io de {J}aneiro, {S}outhern {B}razil},
  author={Guimar\~{a}es, Suzana M and de Almeida, Lorena G and Nunes, Larissa A and Lacerda, Pedro D and de Amorim, Carlos Eduardo S and Burato, Mariana and Baldassin, Paula and Werneck, Max R},
  journal={Herpetol Conserv Biol},
  volume={16},
  pages={225--237},
  year={2021}
}

@article{hart2006interpreting,
  title={Interpreting the spatio-temporal patterns of sea turtle strandings: going with the flow},
  author={Hart, Kristen M and Mooreside, Peter and Crowder, Larry B},
  journal={Biol Conserv},
  volume={129},
  doi={10.1016/j.biocon.2005.10.047},
  pages={283--290},
  year={2006},
  publisher={Elsevier}
}

@report{emergencyNo2,
  title={Mayor's {COVID-19} Emergency Rule No. 2},
  author={{County of Hawai`i, Office of the Mayor}},
  year={2020},
  note={Published April 17, 2020},
  url={https://records.hawaiicounty.gov/WebLink/DocView.aspx?id=104042&dbid=1}
}

@report{emergencyFifth,
 title={Fifth Supplementary Proclamation (for {COVID-19})},
 author={{State of Hawai`i, Office of the Governor}},
 year={2020},
 note={Published April 16, 2020},
 url={https://dod.hawaii.gov/hiema/fifth-supplementary-proclamation-covid-19/}
}

@report{mtbap2022,
  author={{Marine Turtle Biology and Assessment Program}},
  year={2022},
  title={{PSD} Marine Turtle Biology and Assessment Program Metadata Portfolio},
  url={https://www.fisheries.noaa.gov/inport/item/2708}
}

@article{hawkes2009climate,
  title={Climate change and marine turtles},
  author={Hawkes, Lucy A and Broderick, Annette C and Godfrey, Matthew H and Godley, Brendan J},
  journal={Endanger Species Res},
  volume={7},
  doi={10.3354/esr00198},
  pages={137--154},
  year={2009}
}

@article{herbst1994fibropapillomatosis,
  title={Fibropapillomatosis of marine turtles},
  author={Herbst, Lawrence H},
  journal={Annu Rev Fish Dis},
  volume={4},
  pages={389--425},
  year={1994},
  publisher={Elsevier}
}

@article{jacobson1991herpesvirus,
  title={Herpesvirus in cutaneous fibropapillomas of the green turtle \emph{{C}helonia mydas}},
  author={Jacobson, Elliot R and Buergelt, Claus and Williams, Bruce and Harris, Richard K},
  journal={Dis Aquat Org},
  volume={12},

  pages={1--6},
  year={1991},
  doi={10.1111/csp2.12755}
}

@article{jones2022spatial,
  title={Spatial distribution of fibropapillomatosis in green turtles along the {Q}ueensland coast and an investigation into the influence of water quality on prevalence},
  author={Jones, Karina and Limpus, Colin J and Brodie, Jon and Jones, Rhondda and Read, Mark and Shum, Edith and Bell, Ian P and Ariel, Ellen},
  journal={Conserv Sci Prac},
  volume={4},
  doi={10.1111/csp2.12755},
  pages={e12755},
  year={2022},
  publisher={Wiley Online Library}
}

@book{juvik1998atlas,
  title={Atlas of {H}awaii},
  editor={Juvik, Sonia P and Juvik, James O and Paradise, Thomas R},
  year={1998},
  publisher={University of Hawaii Press}, 
  address={Honolulu}
}

@article{lewison2004understanding,
  title={Understanding impacts of fisheries bycatch on marine megafauna},
  author={Lewison, Rebecca L and Crowder, Larry B and Read, Andrew J and Freeman, Sloan A},
  journal={Trends Ecol Evol},
  volume={19},

  pages={598--604},
  year={2004},
  publisher={Elsevier},
  doi={10.1016/j.tree.2004.09.004}
}

@article{lowe1996ontogenetic,
  title={Ontogenetic dietary shifts and feeding behavior of the tiger shark, \emph{{G}aleocerdo cuvier}, in {H}awaiian waters},
  author={Lowe, Christopher G and Wetherbee, Bradley M and Crow, Gerald L and Tester, Albert L},
  journal={Environ Biol Fish},
  volume={47},
  pages={203--211},
  year={1996},
  publisher={Springer}
}

@article{manes2022occurrence,
  title={Occurrence of fibropapillomatosis in green turtles (\emph{{C}helonia mydas}) in relation to environmental changes in coastal ecosystems in {T}exas and {F}lorida: a retrospective study},
  author={Manes, Costanza and Pinton, Daniele and Canestrelli, Alberto and Capua, Ilaria},
  journal={Animals},
  volume={12},

  pages={1236},
  year={2022},
  publisher={MDPI},
  doi={10.3390/ani12101236}
}


@article{meyer2009long,
  title={Long-term movement patterns of tiger sharks \emph{{G}aleocerdo cuvier} in {H}awaii},
  author={Meyer, Carl G and Clark, Timothy B and Papastamatiou, Yannis P and Whitney, Nicholas M and Holland, Kim N},
  journal={Mar Ecol Prog Ser},
  volume={381},
  pages={223--235},
  year={2009},
  doi={10.3354/meps07951}
}

@article{meylan1999introduction,
  title={Introduction to the evolution, life history, and biology of sea turtles},
  author={Meylan, Anne B and Meylan, Peter A},
  journal={Research and management techniques for the conservation of sea turtles},
  volume={4},
  pages={3--5},
  year={1999},
  publisher={IUCNSSC Marine Turtle Specialist Group Publication}
}

@article{monteiro2016long,
  title={Long-term spatial and temporal patterns of sea turtle strandings in southern {B}razil},
  author={Monteiro, Danielle S and Estima, S{\'e}rgio C and Gandra, Tiago BR and Silva, Andrine P and Bugoni, Leandro and Swimmer, Yonat and Seminoff, Jeffrey A and Secchi, Eduardo R},
  journal={Mar Biol},
  volume={163},
  pages={1--19},
  year={2016},
  publisher={Springer},
  doi={10.1007/s00227-016-3018-4}
}

@article{nitta1993review,
  title={A review of interactions between {H}awaii's fisheries and protected species},
  author={Nitta, Eugene T and Henderson, John R},
  journal={Mar Fish Rev},
  volume={55},

  pages={83--92},
  year={1993}
}

@book{nnet,
    title = {Modern Applied Statistics with S},
    author = {Venables, W N and Ripley, B D},
    publisher = {Springer},
    edition = {Fourth},
    address = {New York},
    year = {2002},
  }


@article{panelo2022spatial,
  author={Panelo, J and Wiegner, TN and Colbert, SL and Goldberg, S and Abaya, LM and Conklin, E and Couch, C and Falinski, K and Gove, J and Watson, L and Wiggins, C},
  year={2022},
  title={Spatial distribution and sources of nutrients at two coastal developments in {S}outh {K}ohala, {H}awai`i},
  journal={Mar Poll Bull},
  volume={174},
  doi={10.1016/j.marpolbul.2021.113143},
  pages={113143}
}


@inproceedings{panagopoulos2003stranding,
  title={Stranding data as an indicator of fisheries induced mortality of sea turtles in {G}reece},
  author={Panagopoulos, D and Sofouli, E and Teneketzis, K and Margaritoulis, D},
  editor={Margaritoulis, D and Demetropoulos, A},
  booktitle={First Mediterranean Conference on Marine Turtles. Barcelona Convention--Bern Convention--Bonn Convention (CMS)},
  address={Nicosia, Cyprus},
  pages={202--206},
  year={2003}
}

@article{perrault2021insights,
  title={Insights on immune function in free-ranging green sea turtles (\emph{{C}helonia mydas}) with and without fibropapillomatosis},
  author={Perrault, Justin R and Levin, Milton and Mott, Cody R and Bovery, Caitlin M and Bresette, Michael J and Chabot, Ryan M and Gregory, Christopher R and Guertin, Jeffrey R and Hirsch, Sarah E and Ritchie, Branson W and Weege, Steven T and Welsh, Ryan C and Witherington, Blair E and Page-Karjian, Annie},
  journal={Animals},
  volume={11},

  pages={861},
  year={2021},
  publisher={MDPI},
  doi={10.3390/ani11030861}
}

@article{read2023twenty,
  title={Twenty years of sea turtle strandings in {N}ew {C}aledonia},
  author={Read, Tyffen and Farman, Richard and Vivier, Jean-Christophe and Avril, Frederic and Gossuin, Hugues and Wantiez, Laurent},
  journal={Zool Stud},
  volume={62},
  year={2023},
  pages={01},
  publisher={Biodiversity Research Center, Academia Sinica},
  doi={10.6620/ZS.2023.62-01}
}

@article{stacy2021scavenging,
  title={Scavenging versus predation: shark-bite injuries in stranded sea turtles in the southeastern {USA}},
  author={Stacy, Brian A and Foley, Allen M and Shaver, Donna J and Purvin, Cameron M and Howell, Lyndsey N and Cook, Melissa and Keene, Jennifer L},
  journal={Dis Aquat Org},
  volume={143},
  pages={19--26},
  year={2021},
  doi={10.3354/dao03552}
}

@article{wibbels1993sex,
  title={Sex ratio of immature green turtles inhabiting the {H}awaiian archipelago},
  author={Wibbels, Thane and Balazs, George H and Owens, David W and Amoss, Max S},
  journal={J Herpetol},
  volume={27},

  pages={327--329},
  year={1993},
  publisher={JSTOR}
}

@article{witzell1987selective,
  title={Selective predation on large cheloniid sea turtles by tiger sharks (\emph{{G}aleocerdo cuvier})},
  author={Witzell, WYNE N},
  journal={Jpn J Herpetol},
  volume={12},

  pages={22--29},
  year={1987}
}

@article{witzell1994origin,
  title={The origin, evolution, and demise of the {US} sea turtle fisheries},
  author={Witzell, Wayne N},
  journal={Mar Fish Rev},
  year={1994},
  volume={56},
  pages={8--23}
}

@article{work2001immune,
  title={Immune status of free-ranging green turtles with fibropapillomatosis from {H}awaii},
  author={Work, Thierry M and Rameyer, Robert A and Balazs, George H and Cray, Carolyn and Chang, Sandra P},
  journal={J Wildl Dis},
  volume={37},

  pages={574--581},
  year={2001},
  publisher={Wildlife Disease Association},
  doi={10.7589/0090-3558-37.3.574}
}

@article{work2004retrospective,
  title={Retrospective pathology survey of green turtles \emph{{C}helonia mydas} with fibropapillomatosis in the {H}awaiian Islands, 1993--2003},
  author={Work, Thierry M and Balazs, George H and Rameyer, Robert A and Morris, Robert A},
  journal={Dis Aquat Org},
  volume={62},
  number={1-2},
  pages={163--176},
  year={2004},
  doi={10.3354/dao062163}
}

@article{work2015causes,
  title={Causes of mortality in green turtles from {H}awaii and the insular {P}acific exclusive of fibropapillomatosis},
  author={Work, Thierry M and Balazs, George H and Summers, Tammy M and Hapdei, Jessy R and Tagarino, Alden P},
  journal={Dis Aquat Org},
  volume={115},

  pages={103--110},
  year={2015},
  doi={10.3354/dao02890}
}

@Manual{rcore2022,
    title = {R: A Language and Environment for Statistical Computing},
    author = {{R Core Team}},
    organization = {R Foundation for Statistical Computing},
    address = {Vienna, Austria},
    year = {2022},
    url = {https://www.R-project.org/},
  }

%%============================================================================%%
%% while using chicago reference style, both abbreviated and expanded form of %%
%% author name format is acceptable. Refer below example for expanded form    %%
%%============================================================================%%

%%  author		= "{Cameron, Deborah}", - single author
%%  author		= "{Saito, Yukio} and {Hyuga, Hiroyuki}", - double author 

%%======================================%%
%% Example for author names with suffix %%
%%======================================%%

%%  author		= "{Price, R. A. Jr} and {Curry, N. {III}} and McCann, K. E. and 
%%					Fielding, J. L. and {Abercrombie, E. Jr}",
